@article{aasen2018,
  title={Quantitative remote sensing at ultra-high resolution with UAV spectroscopy: a review of sensor technology, measurement procedures, and data correction workflows},
  author={Aasen, Helge and Honkavaara, Eija and Lucieer, Arko and Zarco-Tejada, Pablo J},
  journal={Remote Sensing},
  volume={10},
  number={7},
  doi={10.3390/rs10071091},
  pages={1091},
  year={2018},
  publisher={Multidisciplinary Digital Publishing Institute}
}

@article{abatzoglou2013,
	title = {Development of gridded surface meteorological data for ecological applications and modelling},
	volume = {33},
	issn = {08998418},
	url = {https://onlinelibrary.wiley.com/doi/10.1002/joc.3413},
	doi = {10.1002/joc.3413},
	language = {en},
	number = {1},
	urldate = {2021-12-24},
	journal = {International Journal of Climatology},
	author = {Abatzoglou, John T.},
	month = jan,
	year = {2013},
	pages = {121--131},
	file = {Abatzoglou_2013_International Journal of Climatology.pdf:/home/a/Documents/pdfs/2013/Abatzoglou_2013_International Journal of Climatology.pdf:application/pdf},
}

@article{abolt2020high,
  title={High-resolution mapping of spatial heterogeneity in ice wedge polygon geomorphology near Prudhoe Bay, Alaska},
  author={Abolt, Charles J and Young, Michael H},
  journal={Scientific data},
  volume={7},
  number={1},
  doi={10.1038/s41597-020-0423-9},
  pages={1--7},
  year={2020},
  publisher={Nature Publishing Group}
}


@article{agumya1999risk,
  title={A risk-based approach to assessing the fitness for use of spatial data},
  author={Agumya, Aggrey and Hunter, Gary J},
  journal={URISA journal},
  volume={11},
  number={1},
  pages={33--44},
  year={1999},
  publisher={Citeseer}
}

@article{alon2009,
  title={How to choose a good scientific problem},
  author={Alon, Uri},
  journal={Molecular cell},
  volume={35},
  number={6},
  doi={10.1016/j.molcel.2009.09.013},
  pages={726--728},
  year={2009},
  publisher={Elsevier}
}

@article{anderson2013lightweight,
  title={Lightweight unmanned aerial vehicles will revolutionize spatial ecology},
  author={Anderson, Karen and Gaston, Kevin J},
  journal={Frontiers in Ecology and the Environment},
  volume={11},
  number={3},
  doi={10.1890/120150},
  pages={138--146},
  year={2013},
  publisher={Wiley Online Library}
}

@article{asner2014targeted,
  title={Targeted carbon conservation at national scales with high-resolution monitoring},
  author={Asner, Gregory P and Knapp, David E and Martin, Roberta E and Tupayachi, Raul and Anderson, Christopher B and Mascaro, Joseph and Sinca, Felipe and Chadwick, K Dana and Higgins, Mark and Farfan, William and others},
  journal={Proceedings of the National Academy of Sciences},
  volume={111},
  number={47},
  doi={10.1073/pnas.1419550111},
  pages={E5016--E5022},
  year={2014},
  publisher={National Acad Sciences}
}


@article{balch_warming_2022,
	title = {Warming weakens the night-time barrier to global fire},
	volume = {602},
	issn = {0028-0836, 1476-4687},
	url = {https://www.nature.com/articles/s41586-021-04325-1},
	doi = {10.1038/s41586-021-04325-1},
	language = {en},
	number = {7897},
	urldate = {2022-03-23},
	journal = {Nature},
	author = {Balch, Jennifer K. and Abatzoglou, John T. and Joseph, Maxwell B. and Koontz, Michael J. and Mahood, Adam L. and McGlinchy, Joseph and Cattau, Megan E. and Williams, A. Park},
	month = feb,
	year = {2022},
	pages = {442--448}
}


@article{berman2018ethical,
  title={Ethical considerations when using geospatial technologies for evidence generation},
  author={Berman, Gabrielle and de la Rosa, Sara and Accone, Tanya and others},
  year={2018},
  publisher={United Nations},
  journal={Innocenti Discussion Papers, no. 2018-02, UNICEF Office of Research - Innocenti, Florence.},
  url={https://www.unicef-irc.org/publications/971-ethical-considerations-when-using-geospatial-technologies-for-evidence-generation.html}
}

@article{betts2021,
  title={When are hypotheses useful in ecology and evolution?},
  author={Betts, Matthew G and Hadley, Adam S and Frey, David W and Frey, Sarah JK and Gannon, Dusty and Harris, Scott H and Kim, Hankyu and Kormann, Urs G and Leimberger, Kara and Moriarty, Katie and others},
  journal={Ecology and evolution},
  volume={11},
  doi={10.1002/ece3.7365},
  number={11},
  pages={5762--5776},
  year={2021},
  publisher={Wiley Online Library}
}

@article{bewley2005new,
  title={New light on an ancient landscape: lidar survey in the Stonehenge World Heritage Site.},
  author={Bewley, Robert H and Crutchley, Simon P and Shell, Colin A},
  journal={Antiquity},
  volume={79},
  doi={10.1017/S0003598X00114577},
  number={305},
  year={2005}
}

@article{boettiger2015building,
  title={Building software, building community: lessons from the rOpenSci project},
  author={Boettiger, Carl and Chamberlain, Scott and Hart, Edmund and Ram, Karthik},
  journal={Journal of open research software},
  volume={3},
  doi={10.5334/jors.bu},
  number={1},
  year={2015},
  publisher={Ubiquity Press}
}

@article{boote2005scholars,
  title={Scholars before researchers: On the centrality of the dissertation literature review in research preparation},
  author={Boote, David N and Beile, Penny},
  journal={Educational researcher},
  volume={34},
  doi={10.3102/0013189X034006003},
  number={6},
  pages={3--15},
  year={2005},
  publisher={Sage Publications Sage CA: Thousand Oaks, CA}
}

@article{Bruin2001,
  title={Assessing fitness for use: the expected value of spatial data sets},
  author={Bruin, Sytze de and Bregt, Arnold and Ven, Marc van de},
  journal={International Journal of Geographical Information Science},
  volume={15},
  number={5},
  doi={10.1080/13658810110053116},
  pages={457--471},
  year={2001},
  publisher={Taylor \& Francis}
}

@article{claverie2018harmonized,
  title={The Harmonized Landsat and Sentinel-2 surface reflectance data set},
  author={Claverie, Martin and Ju, Junchang and Masek, Jeffrey G and Dungan, Jennifer L and Vermote, Eric F and Roger, Jean-Claude and Skakun, Sergii V and Justice, Christopher},
  journal={Remote sensing of environment},
  volume={219},
  pages={145--161},
  doi={10.1016/j.rse.2018.09.002},
  year={2018},
  publisher={Elsevier}
}

@article{davis2021,
  title={The aerial panopticon and the ethics of archaeological remote sensing in sacred cultural spaces},
  author={Davis, Dylan S and Buffa, Danielle and Rasolondrainy, Tanambelo and Creswell, Ebony and Anyanwu, Chiamaka and Ibirogba, Abiola and Randolph, Clare and Ouarghidi, Abderrahim and Phelps, Leanne N and Lahiniriko, Fran{\c{c}}ois and others},
  journal={Archaeological Prospection},
  volume={28},
  doi={10.1002/arp.1819},
  number={3},
  pages={305--320},
  year={2021},
  publisher={Wiley Online Library}
}


@article{de2010spatial,
  title={Spatial autocorrelation and the scaling of species--environment relationships},
  author={De Knegt, HJ and van Langevelde, F van and Coughenour, MB and Skidmore, AK and De Boer, WF and Heitk{\"o}nig, IMA and Knox, NM and Slotow, R and Van der Waal, C and Prins, HHT},
  journal={Ecology},
  volume={91},
  number={8},
  doi={10.1890/09-1359.1},
  pages={2455--2465},
  year={2010},
  publisher={Wiley Online Library}
}

@article{devillers2007towards,
  title={Towards spatial data quality information analysis tools for experts assessing the fitness for use of spatial data},
  author={Devillers, Rodolphe and B{\'e}dard, Yvan and Jeansoulin, Robert and Moulin, Bernard},
  journal={International Journal of Geographical Information Science},
  volume={21},
  doi={10.1080/13658810600911879},
  number={3},
  pages={261--282},
  year={2007},
  publisher={Taylor \& Francis}
}

@article{dubayah2020global,
  title={The Global Ecosystem Dynamics Investigation: High-resolution laser ranging of the Earth’s forests and topography},
  author={Dubayah, Ralph and Blair, James Bryan and Goetz, Scott and Fatoyinbo, Lola and Hansen, Matthew and Healey, Sean and Hofton, Michelle and Hurtt, George and Kellner, James and Luthcke, Scott and others},
  journal={Science of remote sensing},
  volume={1},
  pages={100002},
  doi={10.1016/j.srs.2020.100002},
  year={2020},
  publisher={Elsevier}
}

@article{farr2000shuttle,
  title={Shuttle Radar Topography Mission produces a wealth of data},
  author={Farr, Tom G and Kobrick, Mike},
  journal={Eos, Transactions American Geophysical Union},
  volume={81},
  doi={10.1029/EO081i048p00583},
  number={48},
  pages={583--585},
  year={2000},
  publisher={Wiley Online Library}
}

@article{fisher2021,
author = {Fisher, Michael and Fradley, Michael and Flohr, Pascal and Rouhani, Bijan and Simi, Francesca},
title = {Ethical considerations for remote sensing and open data in relation to the endangered archaeology in the Middle East and North Africa project},
journal = {Archaeological Prospection},
volume = {28},
number = {3},
pages = {279-292},
keywords = {archaeology, cultural heritage preservation, ethics, Middle East and North Africa, open data, remote sensing},
doi = {https://doi.org/10.1002/arp.1816},
url = {https://onlinelibrary.wiley.com/doi/abs/10.1002/arp.1816},
eprint = {https://onlinelibrary.wiley.com/doi/pdf/10.1002/arp.1816},
abstract = {Abstract The UK-based Endangered Archaeology in the Middle East and North Africa (EAMENA) project uses remote sensing techniques to rapidly record and evaluate the status of archaeological and cultural heritage sites in the MENA region. Applying remote sensing methods to the archaeological landscapes of 20 countries, EAMENA is one of the largest documentation projects of its kind. Such a scope raises important ethical questions fundamental to the practice of remote-sensed archaeology, and this paper contributes to this discussion by reflecting on EAMENA's unique role in this subfield. We present ethical issues and possible solutions related to remote sensing and archaeology, drawing on models developed within the humanitarian aid sector and postcolonial archaeology. In addition, we consider issues of national sovereignty and their relationship to the engagement of local communities. Finally, this paper examines the roles of data openness and open access policies as ethical factors and how EAMENA has addressed these so far.},
year = {2021}
}

@article{fretwell2017,
  title={Using super-high resolution satellite imagery to census threatened albatrosses},
  author={Fretwell, Peter T and Scofield, Paul and Phillips, Richard A},
  journal={Ibis},
  volume={159},
  number={3},
  doi={10.1111/ibi.12482},
  pages={481--490},
  year={2017},
  publisher={Wiley Online Library}
}

@article{gezelter2009,
	title = {What, exactly, is {Open} {Science}?},
	year = {2009},
	url = {https://openscience.org/what-exactly-is-open-science/},
	journal = {Open Source Initiative},
	author = {Gezelter, J. Daniel},
}

@inproceedings{gray2019truth,
  title={Truth, proof, and reproducibility: there’s no counter-attack for the codeless},
  author={Gray, Charles T and Marwick, Ben},
  booktitle={Research School on Statistics and Data Science},
  pages={111--129},
  year={2019},
  doi={10.1007/978-981-15-1960-4_8},
  organization={Springer}
}

@book{guptill2013elements,
  title={Elements of spatial data quality},
  author={Guptill, Stephen C and Morrison, Joel L},
  year={2013},
  publisher={Elsevier}
}

@article{Cadotte2012,
  title={Gauging the impact of meta-analysis on ecology},
  author={Cadotte, Marc W and Mehrkens, Lea R and Menge, Duncan NL},
  journal={Evolutionary Ecology},
  volume={26},
  number={5},
  doi={10.1007/s10682-012-9585-z},
  pages={1153--1167},
  year={2012},
  publisher={Springer}
}

@article{Gurevitch2018,
  title={Meta-analysis and the science of research synthesis},
  author={Gurevitch, Jessica and Koricheva, Julia and Nakagawa, Shinichi and Stewart, Gavin},
  journal={Nature},
  volume={555},
  number={7695},
  doi={10.1038/nature25753},
  pages={175--182},
  year={2018},
  publisher={Nature Publishing Group}
}


@article{Culina2018,
  title={How to do meta-analysis of open datasets},
  author={Culina, Antica and Crowther, Thomas W and Ramakers, Jip JC and Gienapp, Phillip and Visser, Marcel E},
  journal={Nature Ecology \& Evolution},
  volume={2},
  number={7},
  doi={10.1038/s41559-018-0579-2},
  pages={1053--1056},
  year={2018},
  publisher={Nature Publishing Group}
}



@book{Racine2022,
  title={ndigenous Data Sovereignty and Open Data in Environmental Sciences},
  author={Racine, Phoebe},
  year={2022},
  doi={10.5281/zenodo.6908484},
  url={https://indigenous-data-envs-2022.netlify.app/index.html}
}


@article{hallett2004,
  title={Why large-scale climate indices seem to predict ecological processes better than local weather},
  author={Hallett, TB and Coulson, T and Pilkington, JG and Clutton-Brock, TH and Pemberton, JM and Grenfell, BT},
  journal={Nature},
  doi={10.1038/nature02708},
  volume={430},
  number={6995},
  pages={71--75},
  year={2004},
  publisher={Nature Publishing Group}
}

@article{hampton2017skills,
  title={Skills and knowledge for data-intensive environmental research},
  author={Hampton, Stephanie E and Jones, Matthew B and Wasser, Leah A and Schildhauer, Mark P and Supp, Sarah R and Brun, Julien and Hernandez, Rebecca R and Boettiger, Carl and Collins, Scott L and Gross, Louis J and others},
  journal={BioScience},
  doi={10.1093/biosci/bix025},
  volume={67},
  number={6},
  pages={546--557},
  year={2017},
  publisher={Oxford University Press}
}

@article{hampton2015tao,
  title={The Tao of open science for ecology},
  author={Hampton, Stephanie E and Anderson, Sean S and Bagby, Sarah C and Gries, Corinna and Han, Xueying and Hart, Edmund M and Jones, Matthew B and Lenhardt, W Christopher and MacDonald, Andrew and Michener, William K and others},
  journal={Ecosphere},
  doi={10.1890/ES14-00402.1},
  volume={6},
  number={7},
  pages={1--13},
  year={2015},
  publisher={Wiley Online Library}
}

@article{harris2013reflections,
  title={Reflections on the value of ethics in relation to Earth observation},
  author={Harris, Ray},
  journal={International journal of remote sensing},
  volume={34},
  doi={10.1080/01431161.2012.718466},
  number={4},
  pages={1207--1219},
  year={2013},
  publisher={Taylor \& Francis}
}

@article{houborg2018,
  title={A cubesat enabled spatio-temporal enhancement method (cestem) utilizing planet, landsat and modis data},
  author={Houborg, Rasmus and McCabe, Matthew F},
  journal={Remote Sensing of Environment},
  volume={209},
  doi={10.1016/j.rse.2018.02.067},
  pages={211--226},
  year={2018},
  publisher={Elsevier}
}

@article{howe2020,
  title={Ethical challenges posed by big data},
  author={Howe III, Edmund G and Elenberg, Falicia},
  journal={Innovations in Clinical Neuroscience},
  volume={17},
  url={https://www.ncbi.nlm.nih.gov/pmc/articles/PMC7819582/},
  number={10-12},
  pages={24},
  year={2020},
  publisher={Matrix Medical Communications}
}


@article{hoy2019,
	title = {Location-based data raise ethical issues for cultural heritage},
	volume = {364},
	url = {https://www.science.org/doi/abs/10.1126/science.364.6447.1244},
	doi = {10.1126/science.364.6447.1244},
	abstract = {AAAS issues guidelines for scientists, volunteers, and others increasingly using such data AAAS issues guidelines for scientists, volunteers, and others increasingly using such data},
	number = {6447},
	journal = {Science},
	author = {Hoy, Anne Q.},
	year = {2019},
	note = {\_eprint: https://www.science.org/doi/pdf/10.1126/science.364.6447.1244},
	pages = {1244--1245},
}

@article{hoyer2017xarray,
  title={xarray: ND labeled arrays and datasets in Python},
  author={Hoyer, Stephan and Hamman, Joe},
  journal={Journal of Open Research Software},
  volume={5},
  number={1},
  doi={10.5334/jors.148},
  year={2017},
  publisher={Ubiquity Press}
}

@article{huang2017,
  title={Step by step: Sub-goals as a source of motivation},
  author={Huang, Szu-chi and Jin, Liyin and Zhang, Ying},
  journal={Organizational Behavior and Human Decision Processes},
  volume={141},
  pages={1--15},
  doi={10.1016/j.obhdp.2017.05.001},
  year={2017},
  publisher={Elsevier}
}

@article{hunter2011lidar,
  title={LiDAR-assisted identification of an active fault near Truckee, California},
  author={Hunter, LE and Howle, JF and Rose, RS and Bawden, GW},
  journal={Bulletin of the Seismological Society of America},
  volume={101},
  number={3},
  pages={1162--1181},
  year={2011},
  doi={10.1785/0120090261},
  publisher={Seismological Society of America}
}

@misc{johnson2021,
  title={High-resolution airborne Light Detection and Ranging data, ethics and archaeology: Considerations from the northeastern United States},
  author={Johnson, Katharine M and Ives, Timothy H and Ouimet, William B and Sportman, Sarah P},
  journal={Archaeological Prospection},
  volume={28},
  number={3},
  doi={10.1002/arp.1836},
  pages={293--303},
  year={2021},
  publisher={Wiley Online Library}
}

@article{kampe2010neon,
  title={NEON: the first continental-scale ecological observatory with airborne remote sensing of vegetation canopy biochemistry and structure},
  author={Kampe, Thomas U and Johnson, Brian Robert and Kuester, Michele A and Keller, Michael},
  journal={Journal of Applied Remote Sensing},
  volume={4},
  number={1},
  doi={10.1117/1.3361375},
  pages={043510},
  year={2010},
  publisher={International Society for Optics and Photonics}
}

@book{kitchin2014data,
  title={The data revolution: Big data, open data, data infrastructures and their consequences},
  author={Kitchin, Rob},
  year={2014},
  publisher={Sage}
}

@article{koontz2021cross,
  title={Cross-scale interaction of host tree size and climatic water deficit governs bark beetle-induced tree mortality},
  author={Koontz, Michael J and Latimer, Andrew M and Mortenson, Leif A and Fettig, Christopher J and North, Malcolm P},
  journal={Nature communications},
  volume={12},
  number={1},
  doi={10.1038/s41467-020-20455-y},
  pages={1--13},
  year={2021},
  publisher={Nature Publishing Group}
}

@article{kruse2015validation,
  title={Validation of DigitalGlobe WorldView-3 Earth imaging satellite shortwave infrared bands for mineral mapping},
  author={Kruse, Fred A and Baugh, William M and Perry, Sandra L},
  journal={Journal of Applied Remote Sensing},
  volume={9},
  number={1},
  doi={10.1117/1.JRS.9.096044},
  pages={096044},
  year={2015},
  publisher={International Society for Optics and Photonics}
}

@article{kulp2019new,
  title={New elevation data triple estimates of global vulnerability to sea-level rise and coastal flooding},
  author={Kulp, Scott A and Strauss, Benjamin H},
  journal={Nature communications},
  volume={10},
  doi={10.1038/s41467-019-12808-z},
  number={1},
  pages={1--12},
  year={2019},
  publisher={Nature Publishing Group}
}

@article{lefsky2002lidar,
  title={Lidar remote sensing for ecosystem studies: Lidar, an emerging remote sensing technology that directly measures the three-dimensional distribution of plant canopies, can accurately estimate vegetation structural attributes and should be of particular interest to forest, landscape, and global ecologists},
  author={Lefsky, Michael A and Cohen, Warren B and Parker, Geoffrey G and Harding, David J},
  journal={BioScience},
  volume={52},
  number={1},
  doi={10.1641/0006-3568(2002)052[0019:LRSFES]2.0.CO;2},
  pages={19--30},
  year={2002},
  publisher={American Institute of Biological Sciences}
}

@article{lehner2008new,
  title={New global hydrography derived from spaceborne elevation data},
  author={Lehner, Bernhard and Verdin, Kristine and Jarvis, Andy},
  journal={Eos, Transactions American Geophysical Union},
  volume={89},
  number={10},
  doi={10.1029/2008EO100001},
  pages={93--94},
  year={2008},
  publisher={Wiley Online Library}
}

@article{levick2010regional,
  title={Regional insight into savanna hydrogeomorphology from termite mounds},
  author={Levick, Shaun R and Asner, Gregory P and Chadwick, Oliver A and Khomo, Lesego M and Rogers, Kevin H and Hartshorn, Anthony S and Kennedy-Bowdoin, Ty and Knapp, David E},
  journal={Nature communications},
  volume={1},
  number={1},
  pages={1--7},
  doi={10.1038/ncomms1066},
  year={2010},
  publisher={Nature Publishing Group}
}

@article{livingston2003,
  title={Mapping fears: the use of commercial high-resolution satellite imagery in international affairs},
  author={Livingston, Steven and Robinson, W Lucas},
  journal={Astropolitics},
  volume={1},
  number={2},
  doi={10.1080/14777620312331269909},
  pages={3--25},
  year={2003},
  publisher={Taylor \& Francis}
}

@article{lowndes2017our,
  title={Our path to better science in less time using open data science tools},
  author={Lowndes, Julia S Stewart and Best, Benjamin D and Scarborough, Courtney and Afflerbach, Jamie C and Frazier, Melanie R and O’Hara, Casey C and Jiang, Ning and Halpern, Benjamin S},
  journal={Nature ecology \& evolution},
  volume={1},
  number={6},
  pages={1--7},
  doi={10.1038/s41559-017-0160},
  year={2017},
  publisher={Nature Publishing Group}
}

@article{Maclean2015,
  title={Microclimates buffer the responses of plant communities to climate change},
  author={Maclean, Ilya MD and Hopkins, John J and Bennie, Jonathan and Lawson, Callum R and Wilson, Robert J},
  journal={Global Ecology and Biogeography},
  volume={24},
  number={11},
  doi={10.1111/geb.12359},
  pages={1340--1350},
  year={2015},
  publisher={Wiley Online Library}
}


@article{masek2020landsat,
  title={Landsat 9: Empowering open science and applications through continuity},
  author={Masek, Jeffrey G and Wulder, Michael A and Markham, Brian and McCorkel, Joel and Crawford, Christopher J and Storey, James and Jenstrom, Del T},
  journal={Remote Sensing of Environment},
  volume={248},
  pages={111968},
  doi={10.1016/j.rse.2020.111968},
  year={2020},
  publisher={Elsevier}
}

@techreport{max_joseph_2021_4641288,
  author       = {Maxwell B. Joseph},
  title        = {earthlab/neonhs: v0.0.1},
  month        = mar,
  year         = 2021,
  publisher    = {Zenodo},
  version      = {v0.0.1},
  doi          = {10.5281/zenodo.4641288},
  url          = {https://doi.org/10.5281/zenodo.4641288},
  institution = {Earth Lab, University of Colorado Boulder}
}

@inproceedings{mcglinchy2019application,
  title={Application of UNet fully convolutional neural network to impervious surface segmentation in urban environment from high resolution satellite imagery},
  author={McGlinchy, Joe and Johnson, Brian and Muller, Brian and Joseph, Maxwell and Diaz, Jeremy},
  booktitle={IGARSS 2019-2019 IEEE International Geoscience and Remote Sensing Symposium},
  pages={3915--3918},
  doi={10.1109/IGARSS.2019.8900453},
  year={2019},
  organization={IEEE}
}

@article{mcgranahan2007rising,
  title={The rising tide: assessing the risks of climate change and human settlements in low elevation coastal zones},
  author={McGranahan, Gordon and Balk, Deborah and Anderson, Bridget},
  journal={Environment and urbanization},
  volume={19},
  number={1},
  doi={10.1177/0956247807076960},
  pages={17--37},
  year={2007},
  publisher={SAGE Publications Sage UK: London, England}
}

@article{Melin2017,
  title={Assessing the fitness-for-purpose of satellite multi-mission ocean color climate data records: A protocol applied to OC-CCI chlorophyll-a data},
  author={M{\'e}lin, F and Vantrepotte, Vincent and Chuprin, A and Grant, M and Jackson, T and Sathyendranath, S},
  journal={Remote Sensing of Environment},
  volume={203},
  doi={10.1016/j.rse.2017.03.039},
  pages={139--151},
  year={2017},
  publisher={Elsevier}
}


@article{metcalfe2018patchy,
  title={Patchy field sampling biases understanding of climate change impacts across the Arctic},
  author={Metcalfe, Daniel B and Hermans, Thirze DG and Ahlstrand, Jenny and Becker, Michael and Berggren, Martin and Bj{\"o}rk, Robert G and Bj{\"o}rkman, Mats P and Blok, Daan and Chaudhary, Nitin and Chisholm, Chelsea and others},
  journal={Nature ecology \& evolution},
  volume={2},
  number={9},
  doi={10.1038/s41559-018-0612-5},
  pages={1443--1448},
  year={2018},
  publisher={Nature Publishing Group}
}

@article{mlambo2017structure,
  title={Structure from motion (SfM) photogrammetry with drone data: A low cost method for monitoring greenhouse gas emissions from forests in developing countries},
  author={Mlambo, Reason and Woodhouse, Iain H and Gerard, France and Anderson, Karen},
  journal={Forests},
  volume={8},
  number={3},
  doi={10.3390/f8030068},
  pages={68},
  year={2017},
  publisher={Multidisciplinary Digital Publishing Institute}
}

@article{munafo2017manifesto,
  title={A manifesto for reproducible science},
  author={Munaf{\`o}, Marcus R and Nosek, Brian A and Bishop, Dorothy VM and Button, Katherine S and Chambers, Christopher D and Du Sert, Nathalie Percie and Simonsohn, Uri and Wagenmakers, Eric-Jan and Ware, Jennifer J and Ioannidis, John PA},
  journal={Nature human behaviour},
  volume={1},
  number={1},
  doi={10.1038/s41562-016-0021},
  pages={1--9},
  year={2017},
  publisher={Nature Publishing Group}
}

@article{musiega2006framework,
  title={A framework for predicting and visualizing the East African wildebeest migration-route patterns in variable climatic conditions using geographic information system and remote sensing},
  author={Musiega, Douglas E and Sanga-Ngoie, Kazadi and Fukuyama, Kaoru},
  journal={Ecological Research},
  volume={21},
  number={4},
  pages={530--543},
  doi={10.1007/s11284-006-0175-9},
  year={2006},
  publisher={Springer}
}

@article{nasa2013,
  title={NASA Shuttle Radar Topography Mission Water Body Data Shapefiles \& Raster Files},
  author={NASA, JPL},
  journal={NASA EOSDIS Land Processes DAAC: Sioux Falls, SD, USA},
  year={2013}
}

@article{nosek2015,
  title={Promoting an open research culture},
  author={Nosek, Brian A and Alter, George and Banks, George C and Borsboom, Denny and Bowman, Sara D and Breckler, Steven J and Buck, Stuart and Chambers, Christopher D and Chin, Gilbert and Christensen, Garret and others},
  journal={Science},
  volume={348},
  number={6242},
  doi={10.1126/science.aab2374},
  pages={1422--1425},
  year={2015},
  publisher={American Association for the Advancement of Science}
}

@article{olah2017research,
  title={Research debt},
  author={Olah, Chris and Carter, Shan},
  journal={Distill},
  volume={2},
  number={3},
  doi={10.23915/distill.00005},
  pages={e5},
  year={2017}
}


@misc{osi2007,
	title = {The {Open} {Source} {Definition}},
	url = {https://opensource.org/osd},
	urldate = {2022-03-20},
	journal = {Open Source Initiative},
	author = {{Open Source Initiative}},
	year = {2007},
}

@article{ploton2020spatial,
  title={Spatial validation reveals poor predictive performance of large-scale ecological mapping models},
  author={Ploton, Pierre and Mortier, Fr{\'e}d{\'e}ric and R{\'e}jou-M{\'e}chain, Maxime and Barbier, Nicolas and Picard, Nicolas and Rossi, Vivien and Dormann, Carsten and Cornu, Guillaume and Viennois, Ga{\"e}lle and Bayol, Nicolas and others},
  journal={Nature communications},
  volume={11},
  number={1},
  doi={10.1038/s41467-020-18321-y},
  pages={1--11},
  year={2020},
  publisher={Nature Publishing Group}
}


@article{quan2016construction,
  title={Construction and accuracy test of a 3D model of non-metric camera images using Agisoft PhotoScan},
  author={quan Li, Xiu and an Chen, Zhu and ting Zhang, Li and Jia, Dan},
  journal={Procedia Environmental Sciences},
  volume={36},
  pages={184--190},
  doi={10.1016/j.proenv.2016.09.031},
  year={2016},
  publisher={Elsevier}
}

@article{rda2020,
  title={FAIR Data Maturity Model: specification and guidelines},
  author={RDA FAIR Data Maturity Model Working Group and others},
  journal={Research Data Alliance},
  doi={10.15497/rda00050},
  volume={10},
  year={2020}
}

@inproceedings{redmon2016you,
  title={You only look once: Unified, real-time object detection},
  author={Redmon, Joseph and Divvala, Santosh and Girshick, Ross and Farhadi, Ali},
  booktitle={Proceedings of the IEEE conference on computer vision and pattern recognition},
  pages={779--788},
  year={2016}
}

@inproceedings{rocklin2015dask,
  title={Dask: Parallel computation with blocked algorithms and task scheduling},
  author={Rocklin, Matthew},
  booktitle={Proceedings of the 14th python in science conference},
  volume={126},
  year={2015},
  organization={Citeseer}
}


@article{rodman2020,
	title = {Limitations to recovery following wildfire in dry forests of southern {Colorado} and northern {New} {Mexico}, {USA}},
	volume = {30},
	issn = {1051-0761, 1939-5582},
	url = {https://onlinelibrary.wiley.com/doi/10.1002/eap.2001},
	doi = {10.1002/eap.2001},
	language = {en},
	number = {1},
	urldate = {2022-02-09},
	journal = {Ecological Applications},
	author = {Rodman, Kyle C. and Veblen, Thomas T. and Chapman, Teresa B. and Rother, Monica T. and Wion, Andreas P. and Redmond, Miranda D.},
	year = {2020},
	file = {Rodman et al_2020_Ecological Applications.pdf:/home/a/Documents/pdfs/2020/Rodman et al_2020_Ecological Applications.pdf:application/pdf},
}

@article{roy2014landsat,
  title={Landsat-8: Science and product vision for terrestrial global change research},
  author={Roy, David P and Wulder, Michael A and Loveland, Thomas R and Woodcock, Curtis E and Allen, Richard G and Anderson, Martha C and Helder, Dennis and Irons, James R and Johnson, David M and Kennedy, Robert and others},
  journal={Remote sensing of Environment},
  volume={145},
  pages={154--172},
  doi={10.1016/j.rse.2014.02.001},
  year={2014},
  publisher={Elsevier}
}

@article{sandel2015,
  title={Towards a taxonomy of spatial scale-dependence},
  author={Sandel, Brody},
  journal={Ecography},
  volume={38},
  number={4},
  doi={10.1111/ecog.01034},
  pages={358--369},
  year={2015},
  publisher={Wiley Online Library}
}

@inproceedings{schmidt_goes_2003,
	title = {{GOES} wildfire {ABBA} applications in the western hemisphere},
	booktitle = {2nd {International} {Wildland} {Fire} {Ecology} and {Fire} {Management} {Congress} and 5th {Symp}. on {Fire} and {Forest} {Meteorology}, {Citeseer}},
	author = {Schmidt, Christopher C and Prins, Elaine M},
	year = {2003},
}

@article{schmitt2016data,
  title={Data fusion and remote sensing: An ever-growing relationship},
  author={Schmitt, Michael and Zhu, Xiao Xiang},
  journal={IEEE Geoscience and Remote Sensing Magazine},
  volume={4},
  number={4},
  doi={10.1109/MGRS.2016.2561021},
  pages={6--23},
  year={2016},
  publisher={IEEE}
}

@article{shaman2013fostering,
  title={Fostering advances in interdisciplinary climate science},
  author={Shaman, Jeffrey and Solomon, Susan and Colwell, Rita R and Field, Christopher B},
  journal={Proceedings of the National Academy of Sciences},
  volume={110},
  number={Supplement 1},
  pages={3653--3656},
  doi={10.1073/pnas.1301104110},
  year={2013},
  publisher={National Acad Sciences}
}

@article{simard2006mapping,
  title={Mapping height and biomass of mangrove forests in Everglades National Park with SRTM elevation data},
  author={Simard, Marc and Zhang, Keqi and Rivera-Monroy, Victor H and Ross, Michael S and Ruiz, Pablo L and Casta{\~n}eda-Moya, Edward and Twilley, Robert R and Rodriguez, Ernesto},
  journal={Photogrammetric Engineering \& Remote Sensing},
  volume={72},
  number={3},
  pages={299--311},
  year={2006},
  doi={10.14358/PERS.72.3.299},
  publisher={American Society for Photogrammetry and Remote Sensing}
}

@article{slonecker1998,
  title={Emerging legal and ethical issues in advanced remote sensing technology},
  author={Slonecker, E Terrence and Shaw, Denice M and Lillesand, Thomas M},
  journal={Photogrammetric engineering and remote sensing},
  volume={64},
  number={6},
  pages={589--595},
  year={1998},
  publisher={[Falls Church, Va.] American Society of Photogrammetry.}
}

@article{solvik2021predicting,
  title={Predicting Playa Inundation Using a Long Short-Term Memory Neural Network},
  author={Solvik, Kylen and Bartuszevige, Anne M and Bogaerts, Meghan and Joseph, Maxwell B},
  journal={Water Resources Research},
  volume={57},
  number={12},
  pages={e2020WR029009},
  doi={10.1029/2020WR029009},
  year={2021},
  publisher={Wiley Online Library}
}


@article{surazakov2006estimating,
  title={Estimating volume change of mountain glaciers using SRTM and map-based topographic data},
  author={Surazakov, Arzhan B and Aizen, Vladimir B},
  journal={IEEE Transactions on Geoscience and Remote Sensing},
  volume={44},
  number={10},
  pages={2991--2995},
  doi={10.1109/TGRS.2006.875357},
  year={2006},
  publisher={IEEE}
}

@article{tayi1998examining,
  title={Examining data quality},
  author={Tayi, Giri Kumar and Ballou, Donald P},
  journal={Communications of the ACM},
  volume={41},
  number={2},
  pages={54--57},
  year={1998},
  publisher={ACM New York, NY, USA}
}

@techreport{thatcher20203d,
  title={The 3D Elevation Program and energy for the Nation},
  author={Thatcher, Cindy A and Lukas, Vicki and Stoker, Jason M},
  year={2020},
  doi={10.3133/fs20193051},
  institution={US Geological Survey}
}

@article{Trizna2021,
  title={pyOpenSci: Open and reproducible research, powered by Python.},
  author={Trizna, Michael and Wasser, Leah A and Nicholson, David},
  journal={Biodiversity Information Science and Standards},
  number={1},
  year={2021},
  publisher={Pensoft Publishers}
}

@misc{vanvalkenburgh2020,
  title={Big archaeology: Horizons and blindspots},
  author={VanValkenburgh, Parker and Dufton, J Andrew},
  journal={Journal of Field Archaeology},
  volume={45},
  number={sup1},
  doi={10.1080/00934690.2020.1714307},
  pages={S1--S7},
  year={2020},
  publisher={Taylor \& Francis}
}

@article{vong2021,
  title={How to Build a 2D and 3D Aerial Multispectral Map?—All Steps Deeply Explained},
  author={Vong, Andr{\'e} and Matos-Carvalho, Jo{\~a}o P and Toffanin, Piero and Pedro, D{\'a}rio and Azevedo, F{\'a}bio and Moutinho, Filipe and Garcia, Nuno Cruz and Mora, Andr{\'e}},
  journal={Remote Sensing},
  volume={13},
  number={16},
  doi={10.3390/rs13163227},
  pages={3227},
  year={2021},
  publisher={Multidisciplinary Digital Publishing Institute}
}

@article{wallace2016assessment,
  title={Assessment of forest structure using two UAV techniques: A comparison of airborne laser scanning and structure from motion (SfM) point clouds},
  author={Wallace, Luke and Lucieer, Arko and Malenovsk{\`y}, Zbyn{\v{e}}k and Turner, Darren and Vop{\v{e}}nka, Petr},
  journal={Forests},
  volume={7},
  doi={10.3390/f7030062},
  number={3},
  pages={62},
  year={2016},
  publisher={Multidisciplinary Digital Publishing Institute}
}

@inproceedings{wang2019success,
  title={“A Success Story that Can Be Sold”?: A Case Study of Humanitarian Use of Drones},
  author={Wang, Ning},
  booktitle={2019 IEEE International Symposium on Technology and Society (ISTAS)},
  pages={1--6},
  year={2019},
  doi={10.1109/ISTAS48451.2019.8938015},
  organization={IEEE}
}

@article{Wang2021,
  title={Flood extent mapping during Hurricane Florence with repeat-pass L-band UAVSAR images},
  author={Wang, Chao and Pavelsky, Tamlin M and Yao, Fangfang and Yang, Xiao and Zhang, Shuai and Chapman, Bruce and Song, Conghe and Sebastian, Antonia and Frizzelle, Brian and Frankenberg, Elizabeth and others},
  journal={Earth and Space Science Open Archive ESSOAr},
  doi={10.1029/2021WR030606},
  year={2021},
  publisher={American Geophysical Union}
}

@article{weinstein2020cross,
  title={Cross-site learning in deep learning RGB tree crown detection},
  author={Weinstein, Ben G and Marconi, Sergio and Bohlman, Stephanie A and Zare, Alina and White, Ethan P},
  journal={Ecological Informatics},
  volume={56},
  pages={101061},
  year={2020},
  doi={10.1016/j.ecoinf.2020.101061},
  publisher={Elsevier}
}

@article{weintraub2016,
  title={The importance of publishing negative results},
  author={Weintraub, Phyllis G},
  journal={Journal of Insect Science},
  volume={16},
  doi={10.1093/jisesa/iew092},
  number={1},
  year={2016},
  publisher={Oxford University Press}
}

@article{westoby2012structure,
  title={‘Structure-from-Motion’photogrammetry: A low-cost, effective tool for geoscience applications},
  author={Westoby, Matthew J and Brasington, James and Glasser, Niel F and Hambrey, Michael J and Reynolds, Jennifer M},
  journal={Geomorphology},
  volume={179},
  pages={300--314},
  doi={10.1016/j.geomorph.2012.08.021},
  year={2012},
  publisher={Elsevier}
}

@article{wilkinson2016fair,
  title={The FAIR Guiding Principles for scientific data management and stewardship},
  author={Wilkinson, Mark D and Dumontier, Michel and Aalbersberg, IJsbrand Jan and Appleton, Gabrielle and Axton, Myles and Baak, Arie and Blomberg, Niklas and Boiten, Jan-Willem and da Silva Santos, Luiz Bonino and Bourne, Philip E and others},
  journal={Scientific data},
  volume={3},
  number={1},
  doi={10.1038/sdata.2016.18},
  pages={1--9},
  year={2016},
  publisher={Nature Publishing Group}
}

@article{Wilson2014,
  title={Software Carpentry: lessons learned},
  author={Wilson, Greg},
  journal={F1000Research},
  doi={10.12688/f1000research.3-62.v2},
  volume={3},
  year={2014},
  publisher={Faculty of 1000 Ltd}
}


@article{woods1995wind,
  title={Wind-driven dispersal of volcanic ash plumes and its control on the thermal structure of the plume-top},
  author={Woods, Andrew W and Holasek, Rick E and Self, Stephen},
  journal={Bulletin of volcanology},
  volume={57},
  number={5},
  pages={283--292},
  doi={10.1007/BF00301288},
  year={1995},
  publisher={Springer}
}

@article{wyder2019autonomous,
  title={Autonomous drone hunter operating by deep learning and all-onboard computations in GPS-denied environments},
  author={Wyder, Philippe Martin and Chen, Yan-Song and Lasrado, Adrian J and Pelles, Rafael J and Kwiatkowski, Robert and Comas, Edith OA and Kennedy, Richard and Mangla, Arjun and Huang, Zixi and Hu, Xiaotian and others},
  journal={PloS one},
  volume={14},
  number={11},
  pages={e0225092},
  doi={10.1371/journal.pone.0225092},
  year={2019},
  publisher={Public Library of Science San Francisco, CA USA}
}

@article{wyngaard2019emergent,
  title={Emergent challenges for science sUAS data management: fairness through community engagement and best practices development},
  author={Wyngaard, Jane and Barbieri, Lindsay and Thomer, Andrea and Adams, Josip and Sullivan, Don and Crosby, Christopher and Parr, Cynthia and Klump, Jens and Raj Shrestha, Sudhir and Bell, Tom},
  journal={Remote Sensing},
  volume={11},
  number={15},
  doi={10.3390/rs11151797},
  pages={1797},
  year={2019},
  publisher={Multidisciplinary Digital Publishing Institute}
}

@article{young2017,
  title={A survival guide to Landsat preprocessing},
  author={Young, Nicholas E and Anderson, Ryan S and Chignell, Stephen M and Vorster, Anthony G and Lawrence, Rick and Evangelista, Paul H},
  journal={Ecology},
  doi={10.1002/ecy.1730},
  volume={98},
  number={4},
  pages={920--932},
  year={2017},
  publisher={Wiley Online Library}
}

@article{zhang2016easy,
  title={An easy-to-use airborne LiDAR data filtering method based on cloth simulation},
  author={Zhang, Wuming and Qi, Jianbo and Wan, Peng and Wang, Hongtao and Xie, Donghui and Wang, Xiaoyan and Yan, Guangjian},
  journal={Remote Sensing},
  volume={8},
  number={6},
  pages={501},
  doi={10.3390/rs8060501},
  year={2016},
  publisher={Multidisciplinary Digital Publishing Institute}
}

@article{zipkin2021addressing,
  title={Addressing data integration challenges to link ecological processes across scales},
  author={Zipkin, Elise F and Zylstra, Erin R and Wright, Alexander D and Saunders, Sarah P and Finley, Andrew O and Dietze, Michael C and Itter, Malcolm S and Tingley, Morgan W},
  journal={Frontiers in Ecology and the Environment},
  volume={19},
  number={1},
  pages={30--38},
  doi={10.1002/fee.2290},
  year={2021},
  publisher={Wiley Online Library}
}
