@article{recommendedpreprint,
  title={\preprinttitle},
  author={Mahood, Adam L. and Joseph, Maxwell B. and Spiers, Anna I. and Koontz, Michael J. and Ilangakoon, Nayani and Solvik, Kylen K. and Quarderer, Nathan and McGlinchy, Joe and Scholl, Victoria M. and St.\unhbox \voidb@x \protect \penalty \@M \ Denis, Lise and Nagy, Chelsea and Braswell, Anna and Rossi, Matthew W. and Herwehe, Lauren and Wasser, Leah and Cattau, Megan E. and Iglesias, Virginia and Yao, Fangfang and Leyk, Stefan and Balch, Jennifer K.},%
  journal={\preprintserver},
  volume={\preprintnumber, ver. \preprintversion \space peer-reviewed and recommended by \emph{\PCI}},
  year={\pubyear},
  doi={10.31219/osf.io/kehqz},
}
